<?xml version="1.0" encoding="UTF-8"?><record xmlns="http://www.loc.gov/MARC21/slim" xmlns:cinclude="http://apache.org/cocoon/include/1.0" xmlns:zs="http://www.loc.gov/zing/srw/">
  <leader>00460cz  a2200133n  4500</leader>
  <controlfield tag="001">n 2009061698</controlfield>
  <controlfield tag="003">DLC</controlfield>
  <controlfield tag="005">20090926075212.0</controlfield>
  <controlfield tag="008">090925n| acannaabn          |n aaa      </controlfield>
  <datafield tag="010" ind1=" " ind2=" ">
    <subfield code="a">n 2009061698</subfield>
  </datafield>
  <datafield tag="040" ind1=" " ind2=" ">
    <subfield code="a">DLC</subfield>
    <subfield code="b">eng</subfield>
    <subfield code="c">DLC</subfield>
  </datafield>
  <datafield tag="100" ind1="1" ind2=" ">
    <subfield code="a">Kalus, Hy</subfield>
  </datafield>
  <datafield tag="670" ind1=" " ind2=" ">
    <subfield code="a">Look back in anger, 1967</subfield>
    <subfield code="b">DLC copy theater program (directed by Hy Kalus)</subfield>
  </datafield>
  <datafield tag="675" ind1=" " ind2=" ">
    <subfield code="a">Internet Broadway database, September 25, 2009;</subfield>
    <subfield code="a">Lortel Archive, the internet Off-Broadway database, September 25, 2009</subfield>
  </datafield>
</record>